@book{francis2017bilingual,
  title={Bilingual and Multicultural Perspectives on Poetry, Music, and Narrative: The Science of Art},
  author={Francis, Norbert},
  year={2017},
  publisher={Lexington Books}
}

@article{navarro1991metrica,
  title={M{\'e}trica espa{\~n}ola},
  author={Navarro Tom{\'a}s, Tom{\'a}s},
  journal={Rese{\~n}a hist{\'o}rica y descriptiva},
  volume={50},
  year={1991}
}

@book{bello1859principios,
  title={Principios de la ortoloj{\'\i}a i m{\'e}trica de la lengua castellana.},
  author={Bello, Andr{\'e}s},
  year={1859},
  publisher={La Opini{\'o}n}
}

@book{caparros1993metrica,
  title={M{\'e}trica espa{\~n}ola},
  author={Caparr{\'o}s, Jos{\'e} Dom{\'\i}nguez},
  year={1993},
  publisher={S{\'\i}ntesis Madrid}
}

@book{caparros1975contribucion,
  title={Contribuci{\'o}n a la historia de las teor{\'\i}as m{\'e}tricas en los siglos XVIII y XIX},
  author={Caparr{\'o}s, Jos{\'e} Dom{\'\i}nguez},
  volume={92},
  year={1975},
  publisher={Editorial CSIC-CSIC Press}
}

@article{agirrezabal2016zeuscansion,
  title={ZeuScansion: a tool for scansion of English poetry},
  author={Agirrezabal, Manex and Astigarraga, Aitzol and Arrieta, Bertol and Hulden, Mans},
  journal={Journal of Language Modelling},
  volume={4},
  year={2016}
}

@article{navarro2017metrical,
  title={A metrical scansion system for fixed-metre Spanish poetry},
  author={Navarro-Colorado, Borja},
  journal={Digital Scholarship in the Humanities},
  volume={33},
  number={1},
  pages={112--127},
  year={2017},
  publisher={Oxford University Press}
}

@inproceedings{gervas2000logic,
  title={A logic programming application for the analysis of Spanish verse},
  author={Gerv{\'a}s, Pablo},
  booktitle={International Conference on Computational Logic},
  pages={1330--1344},
  year={2000},
  organization={Springer}
}

@inproceedings{agirrezabal2017comparison,
  title={A Comparison of Feature-Based and Neural Scansion of Poetry},
  author={Agirrezabal, Manex and Alegria, I{\~n}aki and Hulden, Mans},
  booktitle={Proceedings of the International Conference Recent Advances in Natural Language Processing, Ranlp 2017},
  pages={18--23},
  year={2017}
}

@article{hartman2005scandroid,
  title={The Scandroid 1.1},
  author={Hartman, Charles O},
  url={http://oak.conncoll.edu/cohar/Programs.htm},
  howpublished="\url{http://oak.conncoll.edu/cohar/Programs.htm}",
  year={2005},
  note = "[Online; accessed 20-July-2020]"
}

@misc{fernandez2003antologia,
  title={Antolog{\'\i}a de textos},
  author={Fern{\'a}ndez-Carvajal, Francisco},
  year={2003},
  publisher={Madrid, Espa{\~n}a: Palabra SA}
}

@article{ruiz2018diachronic,
  title={The Diachronic Spanish Sonnet Corpus (DISCO): TEI and Linked Open Data Encoding, Data Distribution and Metrical Findings},
  author={Ruiz Fabo, Pablo and Berm{\'u}dez Sabel, Helena and Mart{\'\i}nez Cant{\'o}n, Clara Isabel and Gonz{\'a}lez-Blanco Garc{\'\i}a, Elena and Navarro-Colorado, Borja},
  year={2018}
}

// Fischer, Frank, Peer Trilcke, and Boris Orekhov. (2019). Drama Corpora Project (DraCor). https://dracor.org/ Accessed October 15th, 2019.
@misc{fisher2019dracor,
  author = {Fischer, Frank and Peer Trilcke and Boris OrekhovIngo Lütkebohle},
  title = {{Drama Corpora Project (DraCor)}},
  url = "https://dracor.org/",
  howpublished = "\url{https://dracor.org/}",
  year = {2019},
  note = "[Online; accessed 20-July-2020]"
}

@article{honnibal2017spacy,
  title={spaCy 2: Natural Language Understanding with Bloom Embeddings},
  author={Honnibal, Matthew and Montani, Ines},
  journal={Convolutional Neural Networks and Incremental Parsing},
  volume={7},
  year={2017}
}

@article{openapi2017openapi,
  title={OpenAPI Specification},
  author={OpenAPI Initiative and others},
  journal={Retrieved from GitHub: https://github. com/OAI/OpenAPI-Specification/blob/master/versions/3.0},
  volume={1},
  year={2017}
}

@inproceedings{diezplatas2017hismetag,
    title={Hispanic Medieval Tagger (HisMeTag): una aplicación web para el etiquetado de entidades en textos medievales},
    DOI={10.5281/zenodo.1123416},
    abstractNote={<p>El resumen presenta la herramienta de etiquetado de entidades nombradas en textos medievales en espa&ntilde;ol. Este trabajo se enmarca dentro de los proyectos de investigaci&oacute;n, &nbsp;proyecto europeo ERC-2015-STG-679528 POSTDATA.</p>},
    publisher={Zenodo},
    author={M Luisa Díez Platas and Mª de los LLanos Tobarra Abad and Salvador Ros Muñoz and Elena González-Blanco García and Antonio Robles Gómez and Agustín Caminero Herráez and Gimena del Rio Riande},
    year={2017}
}

@inproceedings{fabo2017distant,
  title={Distant Rhythm: Automatic Enjambment Detection on Four Centuries of Spanish Sonnets.},
  author={Fabo, Pablo Ruiz and Cant{\'o}n, Clara Mart{\'\i}nez and Poibeau, Thierry},
  booktitle={DH},
  year={2017}
}

@inproceedings{taule2008ancora,
  title={AnCora: Multilevel Annotated Corpora for Catalan and Spanish.},
  author={Taul{\'e}, Mariona and Mart{\'\i}, Maria Ant{\`o}nia and Recasens, Marta},
  booktitle={International Conference on Language Resources and Evaluation},
  year={2008}
}

@inproceedings{padro2012freeling,
  title={Freeling 3.0: Towards wider multilinguality},
  author={Padr{\'o}, Llu{\'\i}s and Stanilovsky, Evgeny},
  booktitle={International Conference on Language Resources and Evaluation},
  year={2012}
}

@inproceedings{navarro2016metrical,
  title={Metrical annotation of a large corpus of Spanish sonnets: representation, scansion and evaluation},
  author={Navarro-Colorado, Borja and Lafoz, Mar{\'\i}a Ribes and S{\'a}nchez, Noelia},
  booktitle={International Conference on Language Resources and Evaluation},
  pages={4360--4364},
  year={2016}
}

@book{quilis1964estructura,
  title={Estructura del encabalgamiento en la m{\'e}trica espa{\~n}ola},
  author={Quilis, Antonio},
  year={1964},
  publisher={Consejo Superior de Investigaciones Cient{\'\i}ficas}
}

@book{spang1983ritmo,
  title={Ritmo y versificaci{\'o}n: teor{\'\i}a y pr{\'a}ctica del an{\'a}lisis m{\'e}trico y r{\'\i}tmico},
  author={Spang, Kurt},
  year={1983},
  publisher={Editum}
}

@phdthesis{mestre1998transcripcion,
  title={La transcripcion fonetica automatica del diccionario electronico de formas simples flexivas del espa{\~n}ol: un estudio fonologico en el lexico},
  author={R{\'\i}os Mestre, Antonio},
  year={1998},
  school={Universitat Aut{\`o}noma de Barcelona}
}

@book{quilis1969metrica,
  title={M{\'e}trica espa{\~n}ola},
  author={Quilis, Antonio},
  year={1969},
  publisher={Alcal{\'a} Madrid}
}

@book{merino2005manual,
  title={Manual de m{\'e}trica espa{\~n}ola},
  author={Merino, Elena Varela and S{\'a}nchez, Pablo Mo{\'\i}{\~n}o and Pou, Pablo Jauralde},
  year={2005},
  publisher={Editorial Castalia}
}

@book{espanola2010ortografia,
  title={Ortograf{\'\i}a de la lengua espa{\~n}ola},
  author={RAE, Real Academia Espa{\~n}ola},
  year={2010},
  publisher={Espasa}
}

@article{caparros2014teoria,
  title={Teor{\'\i}a m{\'e}trica del verso esdr{\'u}julo},
  author={Caparr{\'o}s, Jos{\'e} Dom{\'\i}nguez},
  journal={Rhythmica: revista espa{\~n}ola de m{\'e}trica comparada},
  volume={12},
  pages={55--96},
  year={2014},
  publisher={Universidad Nacional de Educaci{\'o}n a Distancia (Espa{\~n}a). Facultad de Filolog{\'\i}a}
}

@book{torre2000metrica,
  title={M{\'e}trica espa{\~n}ola comparada},
  author={Torre, Esteban},
  volume={48},
  year={2000},
  publisher={Universidad de Sevilla}
}

@inproceedings{agirrezabal2014assigning,
  title={Assigning stress to out-of-vocabulary words: three approaches},
  author={Agirrezabal, Manex and Heinz, Jeffrey and Hulden, Mans and Arrieta, Bertol},
  booktitle={International Conference on Artificial Intelligence, Las Vegas, NV},
  volume={27},
  pages={105--110},
  year={2014}
}

@book{moretti2013distant,
  title={Distant reading},
  author={Moretti, Franco},
  year={2013},
  publisher={Verso Books}
}

@book{jockers2013macroanalysis,
  title={Macroanalysis: Digital methods and literary history},
  author={Jockers, Matthew L},
  year={2013},
  publisher={University of Illinois Press}
}
